<record><leader>00000cas a22000007a 4500</leader><controlfield tag="001">16656324</controlfield><controlfield tag="008">870909d19811985iauwr ne      0    0eng d</controlfield><datafield ind1=" " ind2=" " tag="010"><subfield code="a">sn 87057823 </subfield></datafield><datafield ind1=" " ind2=" " tag="040"><subfield code="a">INP</subfield><subfield code="b">eng</subfield><subfield code="c">INP</subfield><subfield code="d">OCLCQ</subfield></datafield><datafield ind1=" " ind2=" " tag="042"><subfield code="a">msc</subfield></datafield><datafield ind1="0" ind2=" " tag="130"><subfield code="a">Humboldt County independent (Humboldt, Iowa : 1981)</subfield></datafield><datafield ind1="1" ind2="0" tag="245"><subfield code="a">Humboldt County independent.</subfield></datafield><datafield ind1=" " ind2=" " tag="260"><subfield code="a">Humboldt, Iowa :</subfield><subfield code="b">Humboldt Print. Co.,</subfield><subfield code="c">1981-1985.</subfield></datafield><datafield ind1=" " ind2=" " tag="300"><subfield code="a">4 v.</subfield></datafield><datafield ind1=" " ind2=" " tag="310"><subfield code="a">Weekly</subfield></datafield><datafield ind1="0" ind2=" " tag="362"><subfield code="a">Vol. 122, no. 2 (July 4, 1981)-v. 125, no. 35 (Feb. 22, 1985).</subfield></datafield><datafield ind1=" " ind2=" " tag="500"><subfield code="a">Includes separately numbered sections called: The Bode bugle, July 4-25, 1981; The Gilmore City globe, &lt;May 20-June 17, 1983&gt;.</subfield></datafield><datafield ind1=" " ind2=" " tag="752"><subfield code="a">United States</subfield><subfield code="b">Iowa</subfield><subfield code="c">Humboldt</subfield><subfield code="d">Humboldt.</subfield></datafield><datafield ind1=" " ind2=" " tag="752"><subfield code="a">United States</subfield><subfield code="b">Iowa</subfield><subfield code="c">Humboldt</subfield><subfield code="d">Bode.</subfield></datafield><datafield ind1=" " ind2=" " tag="752"><subfield code="a">United States</subfield><subfield code="b">Iowa</subfield><subfield code="c">Pocahontas</subfield><subfield code="d">Gilmore City.</subfield></datafield><datafield ind1="0" ind2="0" tag="780"><subfield code="t">Humboldt independent (Humboldt, Iowa : 1903)</subfield><subfield code="w">(DLC)sn 85049689</subfield></datafield><datafield ind1="0" ind2="5" tag="780"><subfield code="t">Humboldt County Republican (Humboldt, Iowa : 1981)</subfield><subfield code="w">(DLC)sn 87057824</subfield></datafield><datafield ind1="0" ind2="0" tag="785"><subfield code="t">Humboldt independent (Humboldt, Iowa : 1985)</subfield><subfield code="w">(DLC)sn 87057825</subfield></datafield><datafield ind1="1" ind2=" " tag="787"><subfield code="t">Bode bugle</subfield></datafield><datafield ind1="1" ind2=" " tag="787"><subfield code="t">Gilmore City globe</subfield></datafield></record>